<?xml version="1.0" encoding="UTF-8"?><record xmlns="http://www.loc.gov/MARC21/slim" xmlns:cinclude="http://apache.org/cocoon/include/1.0" xmlns:zs="http://www.loc.gov/zing/srw/">
  <leader>00473nz  a2200121n  4500</leader>
  <controlfield tag="001">n  80025585 </controlfield>
  <controlfield tag="003">DLC</controlfield>
  <controlfield tag="005">19840322000000.0</controlfield>
  <controlfield tag="008">800327n| acannaab|          |n aaa |||  </controlfield>
  <datafield tag="010" ind1=" " ind2=" ">
    <subfield code="a">n  80025585 </subfield>
  </datafield>
  <datafield tag="040" ind1=" " ind2=" ">
    <subfield code="a">DLC</subfield>
    <subfield code="c">DLC</subfield>
  </datafield>
  <datafield tag="100" ind1="1" ind2="0">
    <subfield code="a">Moore, Lorna G.,</subfield>
    <subfield code="d">1946-</subfield>
  </datafield>
  <datafield tag="670" ind1=" " ind2=" ">
    <subfield code="a">The Biocultural basis of health, 1980 (a.e.)</subfield>
    <subfield code="b">t.p. (Lorna G. Moore, Ph.D.; assoc prof. of anthropology, Univ. of Colo.; assist. prof. of prevent. med., Univ. of Colo. Health Sci. Cent.) CIP data sheet (b. 5/14/46)</subfield>
  </datafield>
</record>